<record><leader>00000cas a22000007a 4500</leader><controlfield tag="001">14544865</controlfield><controlfield tag="008">861028c19879999riuqr ne      0   a0eng d</controlfield><datafield ind1=" " ind2=" " tag="010"><subfield code="a">sn 86002760 </subfield></datafield><datafield ind1=" " ind2=" " tag="040"><subfield code="a">NSD</subfield><subfield code="b">eng</subfield><subfield code="c">NSD</subfield><subfield code="d">DLC</subfield><subfield code="d">OCLCQ</subfield></datafield><datafield ind1=" " ind2=" " tag="012"><subfield code="k">1</subfield><subfield code="l">1</subfield></datafield><datafield ind1="1" ind2=" " tag="022"><subfield code="a">0891-0251</subfield><subfield code="l">0891-0251</subfield><subfield code="2">1</subfield></datafield><datafield ind1="1" ind2=" " tag="029"><subfield code="a">AU@</subfield><subfield code="b">000025814450</subfield></datafield><datafield ind1=" " ind2=" " tag="037"><subfield code="b">The Liberian Voice, P.O. Box 28285, Providence, RI, 02908</subfield></datafield><datafield ind1=" " ind2=" " tag="042"><subfield code="a">nsdp</subfield></datafield><datafield ind1="0" ind2="0" tag="050"><subfield code="a">Newspaper</subfield></datafield><datafield ind1="1" ind2="0" tag="082"><subfield code="a">973</subfield><subfield code="2">11</subfield></datafield><datafield ind1="0" ind2=" " tag="210"><subfield code="a">Liberian voice</subfield></datafield><datafield ind1=" " ind2="4" tag="222"><subfield code="a">The Liberian voice</subfield></datafield><datafield ind1="0" ind2="4" tag="245"><subfield code="a">The Liberian voice.</subfield></datafield><datafield ind1=" " ind2=" " tag="260"><subfield code="a">[Providence, R.I. :</subfield><subfield code="b">Edrod Publishers,</subfield><subfield code="c">1987-</subfield></datafield><datafield ind1=" " ind2=" " tag="310"><subfield code="a">Quarterly</subfield></datafield><datafield ind1="0" ind2=" " tag="362"><subfield code="a">Vol. 1, no. 1 (June-Aug. 1987)-</subfield></datafield><datafield ind1=" " ind2=" " tag="500"><subfield code="a">Title from caption.</subfield></datafield></record>